@BOOK{texbook,
   author = "Donald E. Knuth",
   title= "The {{\TeX}book}",
   publisher = "Addison-Wesley",
   year = 1984
   }

@BOOK{latexbook,
   author = "Leslie Lamport",
   title = "{\LaTeX \rm:} {A} Document Preparation System",
   publisher = "Addison-Wesley",
   year = 1986
   }

@article{Singh,
author = {Singh, Shashank},
year = {2024},
month = {01},
pages = {2582-5208},
title = {DECENTRALIZED FINANCE (DEFI): EXPLORING THE ROLE OF BLOCKCHAIN AND CRYPTOCURRENCY IN FINANCIAL ECOSYSTEMS},
doi = {10.56726/IRJMETS48585}
}