% @article{einstein,
%     author = "Albert Einstein",
%     title = "{Zur Elektrodynamik bewegter K{\"o}rper}. ({German})
%     [{On} the electrodynamics of moving bodies]",
%     journal = "Annalen der Physik",
%     volume = "322",
%     number = "10",
%     pages = "891--921",
%     year = "1905",
%     DOI = "http://dx.doi.org/10.1002/andp.19053221004",
%     keywords = "physics"
% }

% @book{dirac,
%     title = {The Principles of Quantum Mechanics},
%     author = {Paul Adrien Maurice Dirac},
%     isbn = {9780198520115},
%     series = {International series of monographs on physics},
%     year = {1981},
%     publisher = {Clarendon Press},
%     keywords = {physics}
% }

% @online{knuthwebsite,
%     author = "Donald Knuth",
%     title = "Knuth: Computers and Typesetting",
%     url  = "http://www-cs-faculty.stanford.edu/~uno/abcde.html",
%     addendum = "(accessed: 01.09.2016)",
%     keywords = "latex,knuth"
% }

% @inbook{knuth-fa,
%     author = "Donald E. Knuth",
%     title = "Fundamental Algorithms",
%     publisher = "Addison-Wesley",
%     year = "1973",
%     chapter = "1.2",
%     keywords  = "knuth,programming"
% }

% @article{einstein,
%   author =       "Albert Einstein",
%   title =        "{Zur Elektrodynamik bewegter K{\"o}rper}. ({German})
%                  [{On} the electrodynamics of moving bodies]",
%   journal =      "Annalen der Physik",
%   volume =       "322",
%   number =       "10",
%   pages =        "891--921",
%   year =         "1905",
%   DOI =          "http://dx.doi.org/10.1002/andp.19053221004",
%   keywords =     "physics"
% }

% @book{dirac,
%   title={The Principles of Quantum Mechanics},
%   author={Paul Adrien Maurice Dirac},
%   isbn={9780198520115},
%   series={International series of monographs on physics},
%   year={1981},
%   publisher={Clarendon Press},
%   keywords = {physics}
% }

% @book{latexcompanion,
%     author    = "Michel Goossens and Frank Mittelbach and Alexander Samarin",
%     title     = "The \LaTeX\ Companion",
%     year      = "1993",
%     publisher = "Addison-Wesley",
%     address   = "Reading, Massachusetts",
%     keywords  = "latex"
% }
 
% @online{knuthwebsite,
%     author    = "Donald Knuth",
%     title     = "Knuth: Computers and Typesetting",
%     url       = "http://www-cs-faculty.stanford.edu/~uno/abcde.html",
%     addendum = "(accessed: 01.09.2016)",
%     keywords  = "latex,knuth"
% }

% @inbook{knuth-fa,
%    author = "Donald E. Knuth",
%    title = "Fundamental Algorithms",
%    publisher = "Addison-Wesley",
%    year = "1973",
%    chapter = "1.2",
%    keywords  = "knuth,programming"
% }

% @book{knuth-acp,
%    author = "Donald E. Knuth",
%    publisher = "Addison-Wesley",
%    title = "The Art of Computer Programming",
%    series = "Four volumes",
%    year = "1968",
%    note = "Seven volumes planned",
%    keywords  = "knuth,programming"
% }

% @article{ctan,
%     author  = "George D. Greenwade",
%     title   = "The {C}omprehensive {T}ex {A}rchive {N}etwork ({CTAN})",
%     year    = "1993",
%     journal = "TUGBoat",
%     volume  = "14",
%     number  = "3",
%     pages   = "342--351",
%     keywords  = "latex"
% }

@online{satoshi,
    author    = "Satoshi Nakamoto",
    title     = "Bitcoin: A Peer-to-Peer Electronic Cash System",
    url       = "https://bitcoin.org/bitcoin.pdf",
    keywords  = "Electronic cash, Bitcoin, Distributed ledger, Satoshi"
}

@online{pancakeswap,
    author    = "PancakeSwap",
    title     = "Distributed trading protocol on BNB Smart Chain",
    url       = "https://github.com/pancakeswap/pancake-farm/blob/master/contracts/MasterChef.sol",
    keywords  = "PancakeSwap, Yiled farming, Liquidity pool"
}

@online{solidity-math-utils,
    author    = "Barak Manos",
    title     = "Solidity Math Utilities",
    url       = "https://github.com/barakman/solidity-math-utils#integralmath",
    keywords  = "IntegralMath, FunctionMath, AnalyticMach, AdvancedMath"
}

@article{makarov,
author = {Makarov, Igor and Schoar, Antoinette},
year = {2022},
month = {01},
pages = {},
title = {Cryptocurrencies and Decentralized Finance (DeFi)},
journal = {SSRN Electronic Journal},
doi = {10.2139/ssrn.4104550}
}

% @book{zaffar,
%   title={The Principles of Quantum Mechanics},
%   author={Paul Adrien Maurice Dirac},
%   isbn={9780198520115},
%   series={International series of monographs on physics},
%   year={1981},
%   publisher={Clarendon Press},
%   keywords = {physics}
% }

% @INPROCEEDINGS{8701371,
%   author={Rajput, Siddharth and Singh, Archana and Khurana, Smiti and Bansal, Tushar and Shreshtha, Sanyukta},
%   booktitle={2019 Amity International Conference on Artificial Intelligence (AICAI)}, 
%   title={Blockchain Technology and Cryptocurrenices}, 
%   year={2019},
%   volume={},
%   number={},
%   pages={909-912},
%   keywords={Blockchain;Bitcoin;IoT;BlockCypher},
%   doi={10.1109/AICAI.2019.8701371}
% }

% @article{riposo,
% author = {Riposo, Julien and Gupta, Maneesh},
% year = {2024},
% month = {02},
% pages = {116-134},
% title = {A Crypto Yield Model for Staking Return},
% volume = {3},
% journal = {FinTech},
% doi = {10.3390/fintech3010008}
% }

% @article{gogol2024empirical,
%       title={Empirical and Theoretical Analysis of Liquid Staking Protocols}, 
%       author={Krzysztof Gogol and Benjamin Kraner and Malte Schlosser and Tao Yan and Claudio Tessone and Burkhard Stiller},
%       year={2024},
%       eprint={2401.16353},
%       archivePrefix={arXiv},
%       primaryClass={cs.CR}
% }

% @online{scharnowski,
%     author    = "Scharnowski, Stefan and Jahanshahloo, Hossein",
%     title     = "The economics of liquid staking derivatives: Basis determinants and price discovery",
%     year = {2023},
%     month = {02},
%     day = {17},
%     url       = "https://ssrn.com/abstract=4180341",
%     keywords  = "Staking, Proof-of-stake, Cryptocurrency, Liquidity, Price discovery"
% }

% @article{Gersbach,
% author = {Gersbach, Hans and Mamageishvili, Akaki and Schneider, Manvir},
% year = {2022},
% month = {03},
% pages = {},
% title = {Staking Pools on Blockchains}
% }

% @article{Arora2018BlockchainT,
%   title={Blockchain Technology},
%   author={Jatin Arora},
%   journal={Blockchain Regulation and Governance in Europe},
%   year={2018},
%   url={https://api.semanticscholar.org/CorpusID:39764765}
% }

% @article{Schueffel,
% author = {Schueffel, Patrick},
% year = {2021},
% month = {12},
% pages = {i},
% title = {DeFi: Decentralized Finance - An Introduction and Overview},
% volume = {9},
% journal = {Journal of Innovation Management},
% doi = {10.24840/2183-0606_009.003_0001}
% }

% @article{Ahmed,
% author = {Ahmed, Alim},
% year = {2024},
% month = {02},
% pages = {},
% title = {The Rise of DeFi: Transforming Traditional Finance with Blockchain Innovation},
% doi = {10.20944/preprints202402.0738.v1}
% }

% @article{Jiang,
% author = {Jiang, Erya and Qin, bo and Wang, Qin and Wang, Zhipeng and Wu, Qianhong and Weng, Jian and Li, Xinyu and Wang, Chenyang and Ding, Yuhang and Zhang, Yanran},
% year = {2023},
% month = {08},
% pages = {},
% title = {Decentralized Finance (DeFi): A Survey}
% }

% @article{Benedetti,
% author = {Benedetti, Hugo and Labbé, Sebastián},
% year = {2022},
% month = {02},
% pages = {},
% title = {A Closer Look into Decentralized Finance (Defi)},
% journal = {SSRN Electronic Journal},
% doi = {10.2139/ssrn.4069011}
% }

% @article{Borisov,
% author = {Borisov, Svetoslav},
% year = {2022},
% month = {05},
% pages = {22},
% title = {DeFi–Potential, Advantages and Challenges},
% volume = {31},
% journal = {Ikonomicheski Izsledvania}
% }

% @article{Singh,
% author = {Singh, Shashank},
% year = {2024},
% month = {01},
% pages = {2582-5208},
% title = {DECENTRALIZED FINANCE (DEFI): EXPLORING THE ROLE OF BLOCKCHAIN AND CRYPTOCURRENCY IN FINANCIAL ECOSYSTEMS},
% doi = {10.56726/IRJMETS48585}
% }


% @article{gogol2024sok,
%       title={SoK: Decentralized Finance (DeFi) -- Fundamentals, Taxonomy and Risks}, 
%       author={Krzysztof Gogol and Christian Killer and Malte Schlosser and Thomas Bocek and Burkhard Stiller and Claudio Tessone},
%       year={2024},
%       eprint={2404.11281},
%       archivePrefix={arXiv},
%       primaryClass={cs.CR}
% }

% @misc{xiong2024leverage,
%       title={Leverage Staking with Liquid Staking Derivatives (LSDs): Opportunities and Risks}, 
%       author={Xihan Xiong and Zhipeng Wang and Xi Chen and William Knottenbelt and Michael Huth},
%       year={2024},
%       eprint={2401.08610},
%       archivePrefix={arXiv},
%       primaryClass={q-fin.GN}
% }

